<record><leader>00000cas a2200000 a 4500</leader><controlfield tag="001">9940379</controlfield><controlfield tag="008">830923c19169999miudr ne      0    0eng  </controlfield><datafield ind1=" " ind2=" " tag="010"><subfield code="a">sn 83016615 </subfield></datafield><datafield ind1=" " ind2=" " tag="040"><subfield code="a">DLC</subfield><subfield code="b">eng</subfield><subfield code="c">DLC</subfield><subfield code="d">NPI</subfield><subfield code="d">NYG</subfield><subfield code="d">MHN</subfield><subfield code="d">DLC</subfield><subfield code="d">OCL</subfield><subfield code="d">OCLCQ</subfield><subfield code="d">OCLCF</subfield><subfield code="d">OCLCO</subfield></datafield><datafield ind1=" " ind2=" " tag="037"><subfield code="b">401 South Brudick Street, Kalamazoo, Mi. 49003.</subfield></datafield><datafield ind1=" " ind2=" " tag="042"><subfield code="a">pcc</subfield></datafield><datafield ind1=" " ind2=" " tag="043"><subfield code="a">n-us-mi</subfield></datafield><datafield ind1="0" ind2="0" tag="050"><subfield code="a">Newspaper</subfield></datafield><datafield ind1="0" ind2=" " tag="130"><subfield code="a">Kalamazoo gazette (Kalamazoo, Mich. : 1916)</subfield></datafield><datafield ind1="1" ind2="4" tag="245"><subfield code="a">The Kalamazoo gazette.</subfield></datafield><datafield ind1=" " ind2=" " tag="260"><subfield code="a">Kalamazoo, Mich. :</subfield><subfield code="b">Gazette-Telegraph Co.</subfield></datafield><datafield ind1=" " ind2=" " tag="300"><subfield code="a">v. :</subfield><subfield code="b">ill. ;</subfield><subfield code="c">60 cm.</subfield></datafield><datafield ind1=" " ind2=" " tag="310"><subfield code="a">Daily</subfield></datafield><datafield ind1="0" ind2=" " tag="362"><subfield code="a">85th yr., no. 144 (Nov. 26, 1916)-150th yr., no. 116 (Feb. 13, 1984) ; Feb. 14, 1984-</subfield></datafield><datafield ind1=" " ind2=" " tag="500"><subfield code="a">"Independent." Cf. Ayer, 1982.</subfield></datafield><datafield ind1=" " ind2=" " tag="500"><subfield code="a">Publishers: Gazette-Telegraph Co., &lt;1917-1918&gt;; Booth Newspapers, Inc., &lt;1931&gt;.</subfield></datafield><datafield ind1=" " ind2=" " tag="500"><subfield code="a">Issue called: 100th Anniversary ed., Jan. 24, 1937.</subfield></datafield><datafield ind1=" " ind2=" " tag="515"><subfield code="a">Some issues: &lt;1975&gt;-1984, lack internal numbering designation.</subfield></datafield><datafield ind1=" " ind2="0" tag="651"><subfield code="a">Kalamazoo (Mich.)</subfield><subfield code="v">Newspapers.</subfield></datafield><datafield ind1=" " ind2="7" tag="655"><subfield code="a">Newspapers.</subfield><subfield code="2">fast</subfield><subfield code="0">(OCoLC)fst01423814</subfield></datafield><datafield ind1=" " ind2="7" tag="651"><subfield code="a">Michigan</subfield><subfield code="z">Kalamazoo.</subfield><subfield code="2">fast</subfield><subfield code="0">(OCoLC)fst01204469</subfield></datafield><datafield ind1=" " ind2=" " tag="752"><subfield code="a">United States</subfield><subfield code="b">Michigan</subfield><subfield code="c">Kalamazoo</subfield><subfield code="d">Kalamazoo.</subfield></datafield><datafield ind1="0" ind2="0" tag="780"><subfield code="t">Gazette-telegraph (Kalamazoo, Mich.)</subfield><subfield code="w">(DLC)sn 96077107</subfield><subfield code="w">(OCoLC)35674651</subfield></datafield></record>